<record><leader>00000cas a22000007a 4500</leader><controlfield tag="001">10384434</controlfield><controlfield tag="008">840207c18909999ctudn ne      0   a0eng d</controlfield><datafield ind1=" " ind2=" " tag="010"><subfield code="a">sn 84022385 </subfield><subfield code="z">sn 86010639 </subfield></datafield><datafield ind1=" " ind2=" " tag="040"><subfield code="a">NPX</subfield><subfield code="b">eng</subfield><subfield code="c">NPX</subfield><subfield code="d">CNW</subfield><subfield code="d">DLC</subfield><subfield code="d">OCL</subfield><subfield code="d">CNW</subfield><subfield code="d">OCLCQ</subfield><subfield code="d">CZL</subfield><subfield code="d">OCLCF</subfield><subfield code="d">OCLCQ</subfield></datafield><datafield ind1=" " ind2=" " tag="012"><subfield code="j">0</subfield><subfield code="m">y</subfield></datafield><datafield ind1=" " ind2=" " tag="019"><subfield code="a">14963793</subfield></datafield><datafield ind1="1" ind2=" " tag="022"><subfield code="a">0891-5563</subfield><subfield code="l">0891-5563</subfield><subfield code="2">1</subfield></datafield><datafield ind1=" " ind2=" " tag="032"><subfield code="a">065420</subfield><subfield code="b">USPS</subfield></datafield><datafield ind1="0" ind2=" " tag="041"><subfield code="a">eng</subfield><subfield code="a">ger</subfield></datafield><datafield ind1=" " ind2=" " tag="042"><subfield code="a">msc</subfield><subfield code="a">nsdp</subfield></datafield><datafield ind1=" " ind2=" " tag="043"><subfield code="a">n-us-ct</subfield></datafield><datafield ind1="0" ind2=" " tag="130"><subfield code="a">Bristol press (Bristol, Conn. : 1890)</subfield></datafield><datafield ind1=" " ind2="0" tag="222"><subfield code="a">Bristol press</subfield><subfield code="b">(1890)</subfield></datafield><datafield ind1="1" ind2="4" tag="245"><subfield code="a">The Bristol press.</subfield></datafield><datafield ind1="1" ind2="3" tag="246"><subfield code="a">Bristol press and Plainville news</subfield><subfield code="f">Aug. 1902-Jan. 6, 1910</subfield></datafield><datafield ind1="1" ind2="7" tag="246"><subfield code="a">Bristol press/Valley press</subfield><subfield code="f">Mar. 16, 1981-Feb. 1984</subfield></datafield><datafield ind1="1" ind2=" " tag="246"><subfield code="i">Sunday issues for Aug. 18, 1996-Apr. 30, 2006 published as:</subfield><subfield code="a">Herald press, Bristol edition</subfield></datafield><datafield ind1="1" ind2=" " tag="246"><subfield code="i">Sunday issues for May 7, 2006-Sept. 20, 2009 published as:</subfield><subfield code="a">Sunday herald press, Bristol edition</subfield></datafield><datafield ind1=" " ind2=" " tag="260"><subfield code="a">Bristol, Conn. :</subfield><subfield code="b">Haviland &amp; Duncan</subfield></datafield><datafield ind1=" " ind2=" " tag="300"><subfield code="a">volumes :</subfield><subfield code="b">illustrations (some color) ;</subfield><subfield code="c">31 cm</subfield></datafield><datafield ind1=" " ind2=" " tag="310"><subfield code="a">Daily (except Sundays and holidays),</subfield><subfield code="b">Sept. 21, 2009-</subfield></datafield><datafield ind1=" " ind2=" " tag="321"><subfield code="a">Daily,</subfield><subfield code="b">Oct. 25, 1916-Sept. 20, 2009</subfield></datafield><datafield ind1=" " ind2=" " tag="321"><subfield code="a">Weekly,</subfield><subfield code="b">1890-Dec. 1909</subfield></datafield><datafield ind1=" " ind2=" " tag="321"><subfield code="a">Semiweekly,</subfield><subfield code="b">Jan 6, 1910-Oct. 23, 1916</subfield></datafield><datafield ind1=" " ind2=" " tag="336"><subfield code="a">text</subfield><subfield code="b">txt</subfield><subfield code="2">rdacontent</subfield></datafield><datafield ind1=" " ind2=" " tag="337"><subfield code="a">unmediated</subfield><subfield code="b">n</subfield><subfield code="2">rdamedia</subfield></datafield><datafield ind1=" " ind2=" " tag="338"><subfield code="a">volume</subfield><subfield code="b">nc</subfield><subfield code="2">rdacarrier</subfield></datafield><datafield ind1="0" ind2=" " tag="362"><subfield code="a">Vol. 20, no. 50 [i.e. 49] (Dec. 4, 1890)-</subfield></datafield><datafield ind1=" " ind2=" " tag="530"><subfield code="a">Available on microfilm from UMI.</subfield></datafield><datafield ind1=" " ind2=" " tag="546"><subfield code="a">In English and German, &lt;Jun. 14, 1894-Jan. 17, 1895&gt;.</subfield></datafield><datafield ind1=" " ind2=" " tag="580"><subfield code="a">Other editions available: Plainville news (Plainville, Conn. : 1889), 1890-19 ; Valley press, 197 -Feb. 1984 ; Bristol/Valley press, Feb. 1984-Feb. 1985.</subfield></datafield><datafield ind1=" " ind2=" " tag="588"><subfield code="a">Latest issue consulted: V. 139, no. 345 (March 10, 2010).</subfield></datafield><datafield ind1=" " ind2="0" tag="651"><subfield code="a">Bristol (Conn.)</subfield><subfield code="v">Newspapers.</subfield></datafield><datafield ind1=" " ind2="7" tag="651"><subfield code="a">Connecticut</subfield><subfield code="z">Bristol.</subfield><subfield code="2">fast</subfield><subfield code="0">(OCoLC)fst01206697</subfield></datafield><datafield ind1=" " ind2="7" tag="655"><subfield code="a">Newspapers.</subfield><subfield code="2">fast</subfield><subfield code="0">(OCoLC)fst01423814</subfield></datafield><datafield ind1=" " ind2=" " tag="752"><subfield code="a">United States</subfield><subfield code="b">Connecticut</subfield><subfield code="c">Hartford</subfield><subfield code="d">Bristol.</subfield></datafield><datafield ind1="1" ind2=" " tag="775"><subfield code="t">Plainville news (Plainville, Conn. : 1889)</subfield><subfield code="w">(DLC)sn 92051108</subfield><subfield code="w">(OCoLC)25063499</subfield></datafield><datafield ind1="1" ind2=" " tag="775"><subfield code="t">Valley press (Bristol, Conn.)</subfield><subfield code="x">0746-2239</subfield><subfield code="w">(DLC)sn 83008777</subfield><subfield code="w">(OCoLC)9872551</subfield></datafield><datafield ind1="1" ind2=" " tag="775"><subfield code="t">Bristol/Valley press</subfield><subfield code="x">0747-1033</subfield><subfield code="w">(DLC)sn 84007794</subfield><subfield code="w">(OCoLC)10547081</subfield></datafield><datafield ind1="0" ind2="0" tag="780"><subfield code="t">Bristol weekly press</subfield><subfield code="w">(DLC)sn 92051105</subfield><subfield code="w">(OCoLC)25061432</subfield></datafield></record>